@article{introd_1,
 author = {Kr√≥l, M. and Sosnowski, J.},
 title = {Multidimensional monitoring of computer systems},
 journal = {Proc. of IEEE Symp. and Workshops on Ubiquitous, Autonomic and Trusted Computing},
 year = {2009},
 pages = {68--74},
}

@misc{nas_benchmark,
  author = {Bailey, D. and Barton, J.},
  title = {The NAS Kernel Benchmark Program},
  url = {http://ntrs.nasa.gov/archive/nasa/casi.ntrs.nasa.gov/19850024482.pdf},
}

@online{livermore,
  author = {McMahon, F.},
  title = {L.L.N.L. FORTRAN Kernels Test: MFLOPS},
  url= {http://www.netlib.org/benchmark/livermore}
}
